<?xml version="1.0" encoding="UTF-8"?><collection xmlns="http://www.loc.gov/MARC21/slim"><record><leader>00442nam--2200169-i-4500</leader><controlfield tag="001">000039231</controlfield><controlfield tag="002">20161230</controlfield><controlfield tag="005">20161230201042</controlfield><controlfield tag="008">060222s1000------------r-----000-0-eng-d</controlfield><datafield ind1=" " ind2=" " tag="040"><subfield code="a">IFIN-HH</subfield></datafield><datafield ind1=" " ind2=" " tag="080"><subfield code="a">543.422</subfield></datafield><datafield ind1="1" ind2=" " tag="100"><subfield code="a">Robinson, James W</subfield></datafield><datafield ind1="1" ind2="0" tag="245"><subfield code="a">Atomic absorption spectroscopy</subfield><subfield code="c">James w. robinson</subfield></datafield><datafield ind1=" " ind2=" " tag="260"><subfield code="a">New York</subfield><subfield code="b">Marcel Dekker, Inc</subfield><subfield code="c">1966</subfield></datafield><datafield ind1=" " ind2=" " tag="300"><subfield code="a">XI + 204P</subfield></datafield><datafield ind1=" " ind2=" " tag="852"><subfield code="a">27011</subfield><subfield code="c">535.33</subfield></datafield><datafield ind1=" " ind2=" " tag="CAT"><subfield code="a">Sys</subfield><subfield code="c">20101203</subfield><subfield code="h">091552</subfield></datafield></record></collection>